@misc{WinNT,
  author = {Ingo LÃ¼tkebohle},
  title = {{BWorld Robot Control Software}},
  howpublished = "\url{http://aiweb.techfak.uni-bielefeld.de/content/bworld-robot-control-software/}",
  year = {2008}, 
  note = "[Online; accessed 19-July-2008]"
}

@techreport{atzei2016survey,
  title={A survey of attacks on Ethereum smart contracts},
  author={Atzei, Nicola and Bartoletti, Massimo and Cimoli, Tiziana},
  year={2016},
  institution={Cryptology ePrint Archive: Report 2016/1007, https://eprint. iacr. org/2016/1007}
}

